@book{filho2007algoritmos,
  title={Algoritmos num{\'e}ricos},
  author={Frederico Ferreira Campos, Filho},
  isbn={9788521615378},
  year={2001},
  publisher={LTC},
  address = {Rio de Janeiro}
}
@book{ruggiero1996calculo,
  title="C{\'a}lculo num{\'e}rico: aspectos te{\'o}ricos e computacionais",
  author="Ruggiero, M.A.G. and da Rocha Lopes, V.L.",
  isbn="9788534602044",
  year="1996",
  publisher="Makron Books do Brasil",
  edition = "2",
  address = "S{\~a}o Paulo"
}
@book{calculo,
  title={C{\'a}lculo num{\'e}rico: (com aplica{\c c}{\~o}es)},
  author={Le{\^o}nidas Concei{\c c}{\~a}o Barroso and Magali Maria de Ara{\´u}jo Barroso and Frederico Ferreira Campos, filho and M{\´a}cio Luiz Bunte de Carvalho and Miriam Louren{\c c}o Maia},
  isbn={9788529400895},
  publisher={HARBRA},
  year = {1987},
  edition = {2},
  address = {S{\~a}o Paulo}
}
@book{sperandio2003calculo,
  title={C{\'a}lculo num{\'e}rico: caracter{\'\i}sticas matem{\'a}ticas e computacionais dos m{\'e}todos num{\'e}ricos},
  author={Sperandio, D. and Mendes, J.T. and Silva, L.H.M.},
  isbn={9788587918745},
  year = {2003},
  publisher={Prentice Hall},
  address = {S{\~a}o Paulo}
}
@book{prestes,
	 author  ={Maria Luci de Mesquita Prestes},
	 year    =2003,
	 title   ={A pesquisa e a constru{\c c}{\~a}o do conhecimento cient{\'i}fico: do planejamento aos textos, da escola {\`a} academia},
	 address = {São Paulo},
	 edition = 2,
	 publisher = {Rêspel},
	 isbn = {8587069098}
}
@book{metring,
	 author  ={Roberto Araújo Metring},
	 year    =2009,
	 title   ={Pesquisas cient{\'i}ficas: planejamento para iniciantes},
	 address = {Curitiba},
	 publisher = {Juruá},
	 isbn = {9788536221212}
}
@book{zill2003equacoes,
  title={Equa{\c{c}}{\~o}es Diferenciais com aplica{\c{c}}{\~o}es em Modelagem},
  author={Dennis G. Zill},
  isbn={8522103143},
  year={2003},
  publisher={Thomson},
  address = {São Paulo}
  }
@book{penneyequacoes,
  title={Equa{\c{c}}{\~o}es diferenciais elementares: com problemas de contorno},
  author={C. H. Edwards and David E. Penny},
  publisher={Prentice-Hall do Brasil},
  edition = {3},
  year = {1995},
  address = {Rio de Janeiro}
}

@book{diacu,
title = {Introdu{\c c}{\~a}o a equa{\c{c}}{\~o}es diferencias: teoria e aplicação},
author = {Florin Diacu},
publisher = {LTC},
year = {2004},
address = {Rio de Janeiro}
}

@book{zill,
title = {Equações diferencias},
author = {Dennis G. Zill and Michael R. Cullen},
publisher = {Makron Books},
year = {2001},
address = {São Paulo},
edition = {3},
volume = {1},
isbn = {8534612919}
}

@book{faires,
title = {Análise Numérica},
author = {Richard L. Burden and J. Douglas Faires},
publisher = {Pioneira Thomson Learning},
year = {2003},
address = {São Paulo},
isbn = {852210297}
}

@book{thompson,
title = {Calculus made easy},
author = {Silvanus P. Thompson and Martin Gardner},
publisher = {St. Martin's Press},
year = {1998},
address = {New York},
isbn = {0312185480}
}

@phdthesis{valle,
title = {Metodos Numericos de Euler e Runge-Kutta},
author = {Karine Nayara F. Valle},
year = {2012},
address = {Belo Horizonte},
school = {Universidade Federal de Minas Gerais},
type = {Monografia}
}

@book{press,
title = {Numerical Recipes in C: the art of scientific computing},
author = {William H. Press and Saul A. Teukolsky and William T. Vetterling and Brian P. Flannery},
edition = {2},
year = {1992},
address = {New York},
publisher = {Cambridge University Press}
}

@book{bronson,
title = {Moderna introdução às equações diferenciais},
author = {Richard Bronson},
year = {1977},
address = {São Paulo},
publisher = {McGraw-Hill}
}

@manual{wilson,
title = {The memoir class: for configurable typesetting},
author = {Peter Wilson},
year = {2015},
publisher = {The herries press},
address = {Normandy Park},
url = {http://repositorios.cpai.unb.br/ctan/macros/latex/contrib/memoir/memman.pdf}
}

@manual{society,
title = {User's guide for the amsmath package},
organization = {American Mathematical Society},
year = {2002},
url = {http://www.utexas.edu/ogs/etd/LaTeX/Mathematics+AMS/amsmdoc.pdf}
}

@manual{abntex2cite,
author={Lauro César Araujo},
organization={Equipe abnTeX2},
title={O pacote abntex2cite: Estilos bibliográficos compatíveis com a ABNT NBR 6023},
url={http://www.abntex.net.br/},
year={2015}
}

@manual{abntex2classe,
author={Lauro César Araujo},
organization={Equipe abnTeX2},
title={A classe abntex2: Modelo can{\^o}nico de trabalhos acad{\^e}micos brasileiros compatível com as normas ABNT NBR 14724:2011, ABNT NBR 6024:2012 e outras},
url={http://www.abntex.net.br/},
year={2015}
}

@book{drozdek,
title = {Estrutura de dados e algoritmos em C++},
author = {Adam Drozdek},
year = {2002},
publisher = {Pioneira Thomson Learning},
address = {São Paulo},
isbn = {8522102953}
}

@book{toscani,
author = {Laira Vieira Toscani and Paulo A. S. Veloso},
title = {Complexidade de algoritmos},
year = {2002},
publisher = {Editora Sagra Luzzatto},
institution = {Instituto de informática da UFRGS},
address = {Porto Alegre},
series = {Séries Livros Didáticos},
number = {13}
}

@book{cormen,
author = {Thomas H. Cormen and Charles E. Leiserson and Ronald L. Rivest and Clifford Steins},
title = {Algoritmos: teoria e prática},
edition = {2},
year = {2002},
publisher = {Campus},
address = {Rio de Janeiro},
isbn = {8535209263}
}

@manual{chang,
author = {Winston Chang},
title = {\LaTeX 2E cheat sheet},
year = {2010},
url = {https://wch.github.io/latexsheet/latexsheet.pdf}
}
